@book{elements,
	title={Elements of Machine Learning},
	author={Gholamreza Haffari, Borhan Kazimipour},
	volume={19},
	chapter={3},
	year={2018}
}

