@article{jurafsky2018speech,
  title={Speech and language processing (draft)},
  author={Jurafsky, Daniel and Martin, James H},
  journal={Chapter A: Hidden Markov Models (Draft of September 11, 2018). Retrieved March},
  volume={19},
  year={2018}
}
